<?xml version="1.0" encoding="UTF-8"?><collection xmlns="http://www.loc.gov/MARC21/slim"><record><leader>00529nam--2200181-u-4500</leader><controlfield tag="001">000053874</controlfield><controlfield tag="002">20161230</controlfield><controlfield tag="005">20161230201051</controlfield><controlfield tag="008">110629s1000------------r-----000-0-fre-d</controlfield><datafield ind1=" " ind2=" " tag="040"><subfield code="a">IFIN-HH</subfield></datafield><datafield ind1=" " ind2=" " tag="041"><subfield code="a">fre</subfield></datafield><datafield ind1=" " ind2=" " tag="080"><subfield code="a">537</subfield></datafield><datafield ind1="1" ind2=" " tag="100"><subfield code="a">Devaux-charbonnel</subfield></datafield><datafield ind1="1" ind2="0" tag="245"><subfield code="a">Etat actuel de la sicence electrique</subfield><subfield code="b">Phenomenes, applications, theories. preface de h. poincare</subfield><subfield code="c">Devaux-charbonnel</subfield></datafield><datafield ind1=" " ind2=" " tag="260"><subfield code="a">Paris</subfield><subfield code="b">H. Dunod Et E. Pinat, Editeurs</subfield><subfield code="c">1908</subfield></datafield><datafield ind1=" " ind2=" " tag="300"><subfield code="a">650P</subfield></datafield><datafield ind1=" " ind2=" " tag="852"><subfield code="a">76472</subfield><subfield code="c">537:538</subfield></datafield><datafield ind1=" " ind2=" " tag="CAT"><subfield code="a">Sys</subfield><subfield code="c">20110629</subfield><subfield code="h">093013</subfield></datafield></record></collection>